<?xml version="1.0" encoding="UTF-8"?><collection xmlns="http://www.loc.gov/MARC21/slim"><record><leader>00335nam--2200133-i-4500</leader><controlfield tag="001">000026768</controlfield><controlfield tag="002">20161230</controlfield><controlfield tag="005">20161230201036</controlfield><controlfield tag="008">060222s1000------------r-----000-0-eng-d</controlfield><datafield ind1=" " ind2=" " tag="080"><subfield code="a">546.29:539.2</subfield></datafield><datafield ind1=" " ind2=" " tag="245"><subfield code="a">Rare gas solids</subfield></datafield><datafield ind1=" " ind2=" " tag="260"><subfield code="a">London, Acad.Press, 1977, Xi + (610-1252)P</subfield></datafield><datafield ind1=" " ind2=" " tag="700"><subfield code="a">Klein, M.L.And Veables, J.A</subfield></datafield><datafield ind1=" " ind2=" " tag="852"><subfield code="a">45860</subfield></datafield></record></collection>